<?xml version="1.0" encoding="UTF-8"?><collection xmlns="http://www.loc.gov/MARC21/slim"><record><leader>00435nam--2200133-i-4500</leader><controlfield tag="001">000012121</controlfield><controlfield tag="002">20161230</controlfield><controlfield tag="005">20161230201029</controlfield><controlfield tag="008">060222s1000------------r-----000-0-eng-d</controlfield><datafield ind1=" " ind2=" " tag="080"><subfield code="a">539.16:546.296(045)</subfield></datafield><datafield ind1=" " ind2=" " tag="100"><subfield code="a">Cauchois, Yvette Et Hulubei, M. Horia</subfield></datafield><datafield ind1=" " ind2=" " tag="245"><subfield code="a">Spectres de l`emission propre ondulatoire du r adon et de ses derives. raies attribuables a l `element 85</subfield></datafield><datafield ind1=" " ind2=" " tag="260"><subfield code="a">Paris, Gauthier-villarsl, 1939. 3 P</subfield></datafield><datafield ind1=" " ind2=" " tag="852"><subfield code="a">44683</subfield></datafield></record></collection>